
%
%  $Description: bibliography$
%
%  $Author: Till $
%

@article{brette2005adaptive,
  title={Adaptive exponential integrate-and-fire model as an effective description of neuronal activity},
  author={Brette, Romain and Gerstner, Wulfram},
  journal={Journal of neurophysiology},
  volume={94},
  number={5},
  pages={3637--3642},
  year={2005},
  publisher={Am Physiological Soc}
}


@article{tsodyks1997neural,
  title={The neural code between neocortical pyramidal neurons depends on neurotransmitter release probability},
  author={Tsodyks, Misha V and Markram, Henry},
  journal={Proceedings of the National Academy of Sciences},
  volume={94},
  number={2},
  pages={719--723},
  year={1997},
  publisher={National Acad Sciences}
}

@article{fuhrmann2002coding,
  title={Coding of temporal information by activity-dependent synapses},
  author={Fuhrmann, Galit and Segev, Idan and Markram, Henry and Tsodyks, Misha},
  journal={Journal of neurophysiology},
  volume={87},
  number={1},
  pages={140--148},
  year={2002},
  publisher={Am Physiological Soc}
}

@article{markram2015reconstruction,
  title={Reconstruction and simulation of neocortical microcircuitry},
  author={Markram, Henry and Muller, Eilif and Ramaswamy, Srikanth and Reimann, Michael W and Abdellah, Marwan and Sanchez, Carlos Aguado and Ailamaki, Anastasia and Alonso-Nanclares, Lidia and Antille, Nicolas and Arsever, Selim and others},
  journal={Cell},
  volume={163},
  number={2},
  pages={456--492},
  year={2015},
  publisher={Elsevier}
}

@article{kunkel2014spiking,
  title={Spiking network simulation code for petascale computers},
  author={Kunkel, Susanne and Schmidt, Maximilian and Eppler, Jochen M and Plesser, Hans E and Masumoto, Gen and Igarashi, Jun and Ishii, Shin and Fukai, Tomoki and Morrison, Abigail and Diesmann, Markus and others},
  journal={Frontiers in neuroinformatics},
  volume={8},
  year={2014},
  publisher={Frontiers Media SA}
}

@ARTICLE{gewaltig2007nest,
  author = {Marc-Oliver Gewaltig and Markus Diesmann},
  title = {NEST (NEural Simulation Tool)},
  journal = {Scholarpedia},
  year = {2007},
  volume = {2},
  pages = {1430},
  number = {4}
}

@article{CSIM,
  title={CSIM: A neural Circuit SIMulator (\emph{www.lsm.tugraz.at})},
  author={W. Maass and T. Natschl\"ager and H. Markram},
  year={2002}
}

@article{NCS,
  title={NeoCortical Simulator (\emph{www.cse.unr.edu/brain/ncs})},
  author={Brain Computation Laboratory (University of Nevada, Reno)},
}

@article{NEURON,
  title={NEURON (\emph{www.neuron.yale.edu})},
  author={Brain Computation Laboratory (University of Nevada, Reno)},
  year={2009}
}

@book{carnevale2006neuron,
  title={The NEURON book},
  author={Carnevale, Nicholas T and Hines, Michael L},
  year={2006},
  publisher={Cambridge University Press}
}

@article{beeman2005genesis,
  title={GENESIS modeling tutorial},
  author={Beeman, David},
  journal={Brains, Minds, and Media},
  volume={1},
  pages={1--44},
  year={2005}
}

@article{djurfeldt2005massively,
  title={Massively parallel simulation of brain-scale neuronal network models},
  author={Djurfeldt, Mikael and Johansson, Christopher and Ekeberg, {\"O}rjan and Rehn, Martin and Lundqvist, Mikael and Lansner, Anders},
  year={2005}
}

@online{goglineurons,
  author = {BrainMaps.org},
  title = {Description Golgi-stained neurons from somatosensory cortex in the macaque monkey},
  year = 2006,
  url = { http://brainmaps.org},
  urldate = {2006}
}

@booklet{CN,
author = {INM-6},
title = {Introduction to Computational Neuroscience},
year = 2013,
howpublished = {lecture notes}
}

@article{potjans2014cell,
  title={The cell-type specific cortical microcircuit: relating structure and activity in a full-scale spiking network model},
  author={Potjans, Tobias C and Diesmann, Markus},
  journal={Cerebral Cortex},
  volume={24},
  number={3},
  pages={785--806},
  year={2014},
  publisher={Oxford Univ Press}
}

@article{drachman2005we,
  title={Do we have brain to spare?},
  author={Drachman, David A},
  journal={Neurology},
  volume={64},
  number={12},
  pages={2004--2005},
  year={2005},
  publisher={AAN Enterprises}
}

@article{lagzi2014markov,
  title={A Markov model for the temporal dynamics of balanced random networks of finite size},
  author={Lagzi, Fereshteh and Rotter, Stefan},
  journal={Frontiers in computational neuroscience},
  volume={8},
  year={2014},
  publisher={Frontiers Media SA}
}

@book{gerstner2002spiking,
  title={Spiking neuron models: Single neurons, populations, plasticity},
  author={Gerstner, Wulfram and Kistler, Werner M},
  year={2002},
  publisher={Cambridge university press}
}

@misc{neuronpic,
 author  = "LadyofHats",
 title   = "Complete neuron cell diagram \newline (\emph{https://commons.wikimedia.org/wiki/File:Complete\_neuron\_cell\_diagram\_en.svg)}",
 year    = "2007",
 urlseen = "03-02-15",
 url     = "https://commons.wikimedia.org/wiki/File:Complete_neuron_cell_diagram_en.svg",
}

@book{abeles1991corticonics,
  title={Corticonics: Neural circuits of the cerebral cortex},
  author={Abeles, Moshe},
  year={1991},
  publisher={Cambridge University Press}
}

@techreport{eppler201320,
  title={20 years of NEST: a mature brain simulator},
  author={Eppler, Jochen Martin and Morrison, Abigail and Plesser, Hans Ekkehard and Diesmann, Markus and Gewaltig, Marc-Oliver and Helias, Moritz and Kunkel, Susanne and Zaytsev, Yury},
  year={2013},
  institution={Computational and Systems Neuroscience}
}

@misc{livre,
  author = {BBP},
  title = {Livre readme},
  howpublished = {\url{https://github.com/BlueBrain/Livre}},
  note = {Accessed: 2016-01-15}
}

@misc{matplotlib,
  author = {en.wikipedia.org},
  title = {Wiki matplotlib},
  howpublished = {\url{https://en.wikipedia.org/wiki/Matplotlib}},
  note = {Accessed: 2016-01-15}
}

@misc{paraview,
  author = {www.paraview.org},
  title = {Paraview wiki},
  howpublished = {\url{http://www.paraview.org/Wiki/ParaView}},
  note = {Accessed: 2016-01-15}
}

@misc{metaimage,
  author = {www.itk.org},
  title = {MetaIO documentation},
  howpublished = {\url{http://www.itk.org/Wiki/ITK/MetaIO/Documentation}},
  note = {Accessed: 2016-01-15}
}

@misc{h5py,
  author = {www.h5py.org},
  title = {HDF5 for Python},
  howpublished = {\url{http://www.h5py.org/}},
  note = {Accessed: 2016-01-15}
}

@misc{numpy,
  author = {en.wikipedia.org},
  title = {Wiki numpy},
  howpublished = {\url{https://en.wikipedia.org/wiki/NumPy}},
  note = {Accessed: 2016-01-15}
}

@misc{virtualmouse,
  author = {HBP},
  title = {HBP Press release: Virtual mouse},
  howpublished = {\url{https://www.humanbrainproject.eu/de/-/a-simulated-mouse-brain-in-a-virtual-mouse-bo-2}},
  note = {Accessed: 2016-01-15}
}

@misc{bbp,
  author = {bluebrain.epfl.ch},
  title = {Blue Brain Projcet},
  howpublished = {\url{https://bluebrain.epfl.ch}},
  note = {Accessed: 2016-01-15}
}

@misc{AllenInstitute,
  author = {Allen Institute},
  title = {Allen Institute for Brain Science},
  howpublished = {\url{http://alleninstitute.org}},
  note = {Accessed: 2016-01-15}
}

@book{snir1998mpi,
  title={MPI--the Complete Reference: The MPI core},
  author={Snir, Marc},
  volume={1},
  year={1998},
  publisher={MIT press}
}

@article{dagum1998openmp,
  title={OpenMP: an industry standard API for shared-memory programming},
  author={Dagum, Leonardo and Enon, Rameshm},
  journal={Computational Science \& Engineering, IEEE},
  volume={5},
  number={1},
  pages={46--55},
  year={1998},
  publisher={IEEE}
}

@article{nichols1996pthread,
  title={Pthread Programming: A POSIX Standard for Better Multiprocessing},
  author={Nichols, Bradford and Buttlar, Dick and Farrell, J Proulx},
  journal={Ed. O'Reilly},
  year={1996}
}

@article{scalasca,
  title={The Scalasca performance toolset architecture},
  author={Geimer, Markus and Wolf, Felix and Wylie, Brian JN and {\'A}brah{\'a}m, Erika and Becker, Daniel and Mohr, Bernd},
  journal={Concurrency and Computation: Practice and Experience},
  volume={22},
  number={6},
  pages={702--719},
  year={2010},
  publisher={Wiley Online Library}
}

@incollection{scorep,
  title={Score-P: A joint performance measurement run-time infrastructure for Periscope, Scalasca, TAU, and Vampir},
  author={Kn{\"u}pfer, Andreas and R{\"o}ssel, Christian and an Mey, Dieter and Biersdorff, Scott and Diethelm, Kai and Eschweiler, Dominic and Geimer, Markus and Gerndt, Michael and Lorenz, Daniel and Malony, Allen and others},
  booktitle={Tools for High Performance Computing 2011},
  pages={79--91},
  year={2012},
  publisher={Springer}
}



@misc{SLI,
  author = {NEST Initiative},
  title = {An Introduction to SLI},
  howpublished = {\url{http://www.nest-simulator.org/an_introduction_to_sli}},
  note = {Accessed: 2016-01-15}
}

@article{stephan2015juqueen,
  title={JUQUEEN: IBM Blue Gene/Q{\textregistered} Supercomputer System at the J{\"u}lich Supercomputing Centre},
  author={Stephan, Michael and Docter, Jutta},
  journal={Journal of large-scale research facilities JLSRF},
  volume={1},
  pages={1},
  year={2015}
}

@misc{BlueBrain4,
  author = {CSCS},
  title = {Blue Brain 4},
  howpublished = {http://www.cscs.ch/computers/blue\_brain\_4/index.html},
  note = {Accessed: 2016-01-15}
}
@misc{JUQUEEN,
  author = {JSC},
  title = {JUQUEEN},
  howpublished = {http://www.fz-juelich.de/ias/jsc/EN/Expertise/Supercomputers/JUQUEEN/JUQUEEN\_node.html},
  note = {Accessed: 2016-01-15}
}





