
%
%  $Description: bibliography$
%
%  $Author: Till $
%

@article{brette2005adaptive,
  title={Adaptive exponential integrate-and-fire model as an effective description of neuronal activity},
  author={Brette, Romain and Gerstner, Wulfram},
  journal={Journal of neurophysiology},
  volume={94},
  number={5},
  pages={3637--3642},
  year={2005},
  publisher={Am Physiological Soc}
}


@article{tsodyks1997neural,
  title={The neural code between neocortical pyramidal neurons depends on neurotransmitter release probability},
  author={Tsodyks, Misha V and Markram, Henry},
  journal={Proceedings of the National Academy of Sciences},
  volume={94},
  number={2},
  pages={719--723},
  year={1997},
  publisher={National Acad Sciences}
}

@article{fuhrmann2002coding,
  title={Coding of temporal information by activity-dependent synapses},
  author={Fuhrmann, Galit and Segev, Idan and Markram, Henry and Tsodyks, Misha},
  journal={Journal of neurophysiology},
  volume={87},
  number={1},
  pages={140--148},
  year={2002},
  publisher={Am Physiological Soc}
}

